@Misc{petsc,
    author = {Satish Balay and Shrirang Abhyankar and Mark~F. Adams and Jed Brown and Peter Brune
	      and Kris Buschelman and Lisandro Dalcin and Victor Eijkhout and William~D. Gropp
	      and Dinesh Kaushik and Matthew~G. Knepley
	      and Lois Curfman McInnes and Karl Rupp and Barry~F. Smith
	      and Stefano Zampini and Hong Zhang and Hong Zhang},
    title =  {{PETS}c {W}eb page},
    url =    {http://www.mcs.anl.gov/petsc},
    howpublished = {\url{http://www.mcs.anl.gov/petsc}},
    year = {2016}
}

@Article{slepc,
   author  = "Vicente Hernandez and Jose E. Roman and Vicente Vidal",
   title   = "{SLEPc}: A scalable and flexible toolkit for the solution of eigenvalue problems",
   journal = "{ACM} Trans. Math. Software",
   volume  = "31",
   number  = "3",
   pages   = "351--362",
   year    = "2005"
}

@inproceedings{openblas,
   author = {Wang, Qian and Zhang, Xianyi and Zhang, Yunquan and Yi, Qing},
   title = {AUGEM: Automatically Generate High Performance Dense Linear Algebra Kernels on x86 CPUs},
   booktitle = {Proceedings of the International Conference on High Performance Computing, Networking, Storage and Analysis},
   series = {SC '13},
   year = {2013},
   isbn = {978-1-4503-2378-9},
   location = {Denver, Colorado},
   pages = {25:1--25:12},
   articleno = {25},
   numpages = {12},
   url = {http://doi.acm.org/10.1145/2503210.2503219},
   publisher = {ACM},
   address = {New York, NY, USA},
} 

@BOOK{lapack,
      AUTHOR = {Anderson, E. and Bai, Z. and Bischof, C. and
                Blackford, S. and Demmel, J. and Dongarra, J. and
                Du Croz, J. and Greenbaum, A. and Hammarling, S. and
                McKenney, A. and Sorensen, D.},
      TITLE = {{LAPACK} Users' Guide},
      EDITION = {Third},
      PUBLISHER = {Society for Industrial and Applied Mathematics},
      YEAR = {1999},
      ADDRESS = {Philadelphia, PA},
      ISBN = {0-89871-447-8 (paperback)}
} 

@article{demmel,
  title={Performance and accuracy of LAPACK's symmetric tridiagonal eigensolvers},
  author={Demmel, James W and Marques, Osni A and Parlett, Beresford N and V{\"o}mel, Christof},
  journal={SIAM Journal on Scientific Computing},
  volume={30},
  number={3},
  pages={1508--1526},
  year={2008},
  publisher={SIAM}
}

@Article{gevp_s3d,
  author="Li, Kuiyuan
  and Li, Tien-Yien
  and Zeng, Zhonggang",
  title="An algorithm for the generalized symmetric tridiagonal eigenvalue problem",
  journal="Numerical Algorithms",
  volume="8",
  number="2",
  pages="269--291",
}

@phdthesis{mmmr,
  title={A New $\mathcal{O}n^2$ Algorithm for the Symmetric Tridiagonal Eigenvalue Eigenvector Problem},
  author={Dhillon, Inderjit Singh},
  year={1997},
  school={University of California, Berkeley}
}

@article{julia,
  author    = {Jeff Bezanson and
               Stefan Karpinski and
               Viral B. Shah and
               Alan Edelman},
  title     = {Julia: {A} Fast Dynamic Language for Technical Computing},
  journal   = {CoRR},
  volume    = {abs/1209.5145},
  year      = {2012},
  url       = {http://arxiv.org/abs/1209.5145},
  timestamp = {Wed, 10 Oct 2012 21:28:55 +0200},
  biburl    = {http://dblp.uni-trier.de/rec/bib/journals/corr/abs-1209-5145},
  bibsource = {dblp computer science bibliography, http://dblp.org}
}
